<?xml version="1.0" encoding="UTF-8"?><collection xmlns="http://www.loc.gov/MARC21/slim"><record><leader>00402nam--2200145-i-4500</leader><controlfield tag="001">000006237</controlfield><controlfield tag="002">20161230</controlfield><controlfield tag="005">20161230201026</controlfield><controlfield tag="008">060222s1000------------r-----000-0-eng-d</controlfield><datafield ind1=" " ind2=" " tag="040"><subfield code="a">IFIN-HH</subfield></datafield><datafield ind1=" " ind2=" " tag="100"><subfield code="a">Baron, M.L., Salvadori, M.G</subfield></datafield><datafield ind1=" " ind2=" " tag="245"><subfield code="a">Numerical methods in engineering</subfield></datafield><datafield ind1=" " ind2=" " tag="260"><subfield code="a">LONDON, PRENTICE-HALL INTERNATIONAL, 1961 XV + 302p</subfield></datafield><datafield ind1=" " ind2=" " tag="852"><subfield code="a">18586</subfield><subfield code="c">518.12</subfield></datafield><datafield ind1=" " ind2=" " tag="CAT"><subfield code="a">Sys</subfield><subfield code="c">20090630</subfield><subfield code="h">130851</subfield></datafield></record></collection>